% file: .../doc/corba.bib

% $Header: /cvs/root/Security/SecuritySNACCRuntime/doc/Attic/corba.bib,v 1.1.1.1 2001/05/18 23:14:10 mb Exp $
% $Log: corba.bib,v $
% Revision 1.1.1.1  2001/05/18 23:14:10  mb
% Move from private repository to open source repository
%
% Revision 1.1.1.1  1999/03/16 18:05:52  aram
% Originals from SMIME Free Library.
%
% Revision 1.1  1997/01/01 22:47:51  rj
% first check-in
%

@techreport{corba,
  institution = "OMG",
  author = "OMG",
  title = "The Common Object Request Broker: Architecture and Specification",
  year = "1993",
  version = "1.2",
}

@techreport{idl-c++,
  institution = "OMG",
  author = "OMG",
  title = "OMG RFP Submission--IDL C++ Language Mapping Specification",
  year = "1994",
}

@techreport{gdmo-idl,
  institution = "X/Open",
  author = "X/Open",
  title = "GDMO to OMG IDL Specification Translation Algorithm",
  year = "1994",
}
