% file: .../doc/snacc.bib

% $Header: /cvs/root/Security/SecuritySNACCRuntime/doc/Attic/snacc.bib,v 1.1.1.1 2001/05/18 23:14:10 mb Exp $
% $Log: snacc.bib,v $
% Revision 1.1.1.1  2001/05/18 23:14:10  mb
% Move from private repository to open source repository
%
% Revision 1.1.1.1  1999/03/16 18:05:54  aram
% Originals from SMIME Free Library.
%
% Revision 1.1  1997/01/01 22:47:50  rj
% first check-in
%

@article{CASN1,
   author = "Gerald Neufeld and Yeuli Yang",
   title = "An ASN.1 to C Compiler",
   journal = "IEEE Transactions on Software Engineering",
   year = "1990",
   month = "Oct",
   volume = "16",
   number = "10",
   pages = "1209-1220",
   key = "CASN1",
   keywords = "ASN.1 Compiler"
}


@inbook{X.208,
   author = "CCITT",
   title = "Data Communications Networks Open systems Interconnection (OSI) Model and Notation, Service Defintion",
   chapter = "Recommendation X.208, Specification of Abstract Syntax
Notation One (ASN.1)",
   pages = "57-130",
   publisher = "Omnicom",
   year = "1989",
   month = "November",
   address = "115 Park St., S.E., Vienna, VA 22180 USA",
   series = "Blue Book",
   number = "Fascicle VIII.4",
   keywords = "ASN.1"
}

@inbook{X.209,
   author = "CCITT",
   title = "Data Communications Networks Open systems Interconnection (OSI) Model and Notation, Service Defintion",
   chapter = "Recommendation X.209, Specification of Basic Encoding
Rules for Abstract Syntax Notation One (ASN.1)",
   pages = "130-151",
   publisher = "Omnicom",
   year = "1989",
   month = "November",
   address = "115 Park St., S.E., Vienna, VA 22180 USA",
   series = "Blue Book",
   number = "Fascicle VIII.4",
   keywords = "BER"
}



@manual{ISODE,
   title = "ISODE, The ISO Development Environment: User Manual",
   author = "Marshall T. Rose",
   organization = "Wollongong Group",
   address = "1129 San Antonio Rd. Palo Alto, California, USA",
   year = "1990",
   month = "February"
}




@book{68881,
   author = "Motorola Inc.",
   title = "MC68881 Floating-Point Coprocessor User's Manual",
   publisher = "Motorola Inc.",
   year = "1985",
   pages = "2-9 to 2-15",
   key = "68881"
}



@book{ASN.1Book,
   author = "Douglas Steedman",
   title = "ASN.1, The Tutorial and Reference",
   publisher = "Technology Appraisals Ltd.",
   year = "1990",
   note = "ISBN 1 871802 06 7"
}

@article{ASN.1Overview,
   author = "Gerald Neufeld and Son Vuong",
   title = "An Overview of ASN.1",
   journal = "IEEE Networks and ISDN Systems",
   year = "1992",
   month = "Feb",
   volume = "23",
   number = "5",
   pages = "393-415"
}



@article{Sample93-1,
   author = "Michael Sample and Gerald Neufeld",
   title = "Implementing Efficient Encoders and Decoders for Network Data Representations",
   journal = "IEEE INFOCOM '93 Proceedings",
   year = "1993",
   month = "Mar",
   volume = "3",
   pages = "1144-1153",
   key = "Sample93-2",
   ms-label = "Sample93-2"
}



@mastersthesis{Sample93-2,
   author = "Michael Sample",
   title = "How Fast Can ASN.1 Encoding Rules Go?",
   school = "University of British Columbia",
   year = "1993",
   month = "April",
   address = "Vancouver, B.C. Canada V6T 1Z2"
}


@article{TCPOverhead,
   author = "David D. Clark and Van Jacobson and John Romkey and Howard Salwen",
   title = "An Analysis of TCP Processing Overhead",
   journal = "IEEE Communications Magazine",
   year = "1989",
   month = "June",
   pages = "23-29"
}

@article{NewProts,
   author = "David D. Clark and David L. Tennenhouse",
   title = "Architectural Considerations for a New Generation of Protocols",
   journal = "SIGCOMM '90",
   year = "1990",
   month = "Sept",
   volume = "20",
   number = "4",
   pages = "200-208"
}




@inbook{X.500,
   author = "CCITT",
   title = "",
   chapter = "Recommendation X.500, OSI:Specification of the
Distributed Directory System",
   pages = "131-151",
   publisher = "Omnicom",
   year = "1989",
   month = "November",
   address = "115 Park St., S.E., Vienna, VA 22180 USA",
   series = "Blue Book",
   number = "Fascicle VIII.8",
   keywords = "X.500, Distributed, Directory"
}




@article{lwer,
   author = "Christian Huitema and Assem Doghri",
   title = "Defining Faster Transfer Syntaxes for the OSI Presentation Layer",
   journal = "Sigcomm Computer Communication Review",
   year = "1989",
   month = "Oct",
   volume = "19",
   number = "5"
}


@article{ASN1Perf,
   author = "Christian Huitema and Ghislain Chave",
   title = "Measuring the Performances fo an ASN.1 Compiler",
   journal = "Upper Layer Protocols, Architechtures and Applications",
   year = "1992",
   month = "May",
   pages = "99-112"
}

@inbook{X.400,
   author = "CCITT",
   title = "Data Communicatio Networks Message Handling Systems",
   chapter = "Recommendation X.400-X.420, Message Handling Systems",
   pages = "57-130",
   publisher = "Omnicom",
   year = "1989",
   month = "November",
   address = "115 Park St., S.E., Vienna, VA 22180 USA",
   series = "Blue Book",
   number = "Fascicle VIII.7",
   keywords = "ASN.1"
}



@book{X.400,
   author = "CCITT",
   title = "Data Communication Networks Message Handling Systems,
Recommendations X.400-X.420",
   publisher = "Omnicom",
   year = "1989",
   month = "Nov",
   address = "115 Park St., S.E., Vienna, VA 22180 USA",
   series = "Blue Book",
   number = "Fascicle VIII.7"
}


@book{stroustrup,
   author = "Bjarne Stroustrup",
   title = "The C++ Programming Language, 2nd Edition",
   publisher = "Addison-Wesley Publishing Co.",
   year = "1991",
   note = "ISBN 0201539926"
}

@misc{snmp,
   author = "M. Rose and K. McCloghrie",
   title = "Structure and Identification of Management Information for TCP/IP-based Internets (RFC 1155)",
   howpublished = "Network Information Center, SRI International",
   month = "May",
   year = "1990",
}

@book{tnhd,
  title = "The New Hacker's Dictionary",
  editor = "Eric Raymond",
  publisher = "The MIT Press, Cambridge, Mass, London, England",
  year = 1991,
  note = "ISBN 0-262-68069-6"
}

@misc{asn1:1987,
  author = "ISO",
  number = "ISO 8824:1987(E)",
  title = "Information processing systems---Open Systems Interconnection---Specification of Abstract Syntax Notation One (ASN.1)"
}

@misc{asn1:1993,
  author = "ISO",
  number = "ISO/IEC DIS 8824-1",
  title = "Information technology---Open Systems Interconnection---Abstract Syntax Notation One (ASN.1)"
}

@misc{ber:1987,
  author = "ISO",
  number = "ISO 8825:1987(E)",
  title = "Information processing systems---Open Systems Interconnection---Specification of Basic Encoding Rules for Abstract Syntax Notation One (ASN.1)"
}

%project:
%  Programming Language C++
@misc{c++-draft,
  author = "ISO",
  title = "Working Paper for Draft Proposed International Standard for Information Systems---Programming Language C++",
  number = "X3J16/95-0087",
  date = "28 April 1995",
  month = "28~" # apr, year = 1995,
}
