% file: .../doc/tcl.bib

% $Header: /cvs/Darwin/src/live/Security/SecuritySNACCRuntime/doc/tcl.bib,v 1.1.1.1 2001/05/18 23:14:10 mb Exp $
% $Log: tcl.bib,v $
% Revision 1.1.1.1  2001/05/18 23:14:10  mb
% Move from private repository to open source repository
%
% Revision 1.1.1.1  1999/03/16 18:05:54  aram
% Originals from SMIME Free Library.
%
% Revision 1.1  1997/01/01 22:47:53  rj
% first check-in
%

@book{tcl-book,
  title = "Tcl and the TK Toolkit",
  author = "John K. Ousterhout",
  publisher = "Addison-Wesley Publishing Company",
  year = 1994,
  note = "ISBN 0-201-63337-X",
}
